@phdthesis{李结松2002办公网络安全策略研究及技术实现,
  title={办公网络安全策略研究及技术实现},
  author={李结松},
  school={南方医科大学;第一军医大学},
  year={2002},
}

@phdthesis{马剑沁0信息化背景下的保密管理研究,
  title={信息化背景下的保密管理研究},
  author={马剑沁},
  school={上海交通大学},
  year={2002},
}

@article{彭小利2010专网共享公网信息的研究,
  title={专网共享公网信息的研究},
  author={彭小利 and 邓小清},
  journal={网络安全技术与应用},
  volume={000},
  number={005},
  pages={39-40},
  year={2010},
}

@article{刘文2019等保,
  title={等保2.0背景下的高校网络安全建设},
  author={刘文},
  year={2019},
}

@article{万月亮2010基于光闸的单向传输系统可靠性研究,
  title={基于光闸的单向传输系统可靠性研究},
  author={万月亮 and 朱贺军 and 刘宏志 and 张富奎},
  journal={信息网络安全},
  number={12},
  pages={3},
  year={2010},
}

@phdthesis{范毅2005基于,
  title={基于Java和组件技术的旅馆业治安管理信息化的研究与开发},
  author={范毅},
  school={北京工业大学},
  year={2005},
}

@phdthesis{杨翰文0基于,
  title={基于FPGA的单向网闸专用控制系统的设计与实现},
  author={杨翰文},
  school={北京交通大学},
  year={2010},
}

@phdthesis{杨劲锋0基于连续视频图像捕获的二维条码解码技术研究与应用,
  title={基于连续视频图像捕获的二维条码解码技术研究与应用},
  author={杨劲锋},
  school={华南理工大学},
  year={2015},
}

@article{钱军2010二维条形码在机关公文管理中的应用,
  title={二维条形码在机关公文管理中的应用},
  author={钱军},
  journal={科技广场},
  number={6},
  pages={3},
  year={2010},
}

@phdthesis{郑帅2014基于,
  title={基于Socket的游戏服务器的设计与实现},
  author={郑帅},
  school={北京交通大学},
  year={2014},
}

@phdthesis{郑新宇0基于视觉检测的对位贴合系统设计与应用,
  title={基于视觉检测的对位贴合系统设计与应用},
  author={郑新宇},
  school={东北大学},
  year={2016},
}

@phdthesis{刘混海2009基于机器视觉的集成芯片基板定位技术研究,
  title={基于机器视觉的集成芯片基板定位技术研究},
  author={刘混海},
  school={合肥工业大学},
  year={2009},
}

@article{田素贞2012基于．,
  title={基于．NET的线程池技术及其应用研究},
  author={田素贞 and 王应战},
  journal={中州大学学报},
  volume={29},
  number={3},
  pages={3},
  year={2012},
}

@article{康春颖2009基于二维码技术的电子票务系统的研究,
  title={基于二维码技术的电子票务系统的研究},
  author={康春颖},
  journal={哈尔滨商业大学学报：自然科学版},
  number={2},
  pages={4},
  year={2009},
}

@article{陈申渭2019摄屏类图像重构算法,
  title={摄屏类图像重构算法},
  author={陈申渭 and 马汉杰 and 冯杰 and 许佳立},
  journal={计算机系统应用},
  year={2019},
}

@article{杨云江2004一种在网络通信中自动纠错算法的研究,
  title={一种在网络通信中自动纠错算法的研究},
  author={杨云江},
  journal={贵州大学学报：自然科学版},
  volume={21},
  number={1},
  pages={6},
  year={2004},
}

@inproceedings{zheng2008single,
  title={Single-image vignetting correction using radial gradient symmetry},
  author={Zheng, Yuanjie and Yu, Jingyi and Kang, Sing Bing and Lin, Stephen and Kambhamettu, Chandra},
  booktitle={2008 IEEE Conference on Computer Vision and Pattern Recognition},
  pages={1--8},
  year={2008},
  organization={IEEE}
}

@inproceedings{lopez2015revisiting,
  title={Revisiting image vignetting correction by constrained minimization of log-intensity entropy},
  author={Lopez-Fuentes, Laura and Oliver, Gabriel and Massanet, Sebastia},
  booktitle={Advances in Computational Intelligence: 13th International Work-Conference on Artificial Neural Networks, IWANN 2015, Palma de Mallorca, Spain, June 10-12, 2015. Proceedings, Part II 13},
  pages={450--463},
  year={2015},
  organization={Springer}
}

@article{yang2018robust,
  title={Robust and fast decoding of high-capacity color QR codes for mobile applications},
  author={Yang, Zhibo and Xu, Huanle and Deng, Jianyuan and Loy, Chen Change and Lau, Wing Cheong},
  journal={IEEE Transactions on Image Processing},
  volume={27},
  number={12},
  pages={6093--6108},
  year={2018},
  publisher={IEEE}
}

@article{zhang2022mobiscan,
  title={MobiScan: An enhanced invisible screen-camera communication system for IoT applications},
  author={Zhang, Xiao and Liu, Jiqiang and Ba, Zhongjie and Tao, Yaodong and Cheng, Xiaochun},
  journal={Transactions on Emerging Telecommunications Technologies},
  volume={33},
  number={4},
  pages={e4151},
  year={2022},
  publisher={Wiley Online Library}
}

@article{bostanunidirectional,
  title={UNIDIRECTIONAL DATA TRANSFER: A SECURE SYSTEM TO PUSH THE DATA FROM A HIGH SECURITY NETWORK TO A LOWER ONE OVER AN ACTUAL AIR-GAP},
  author={Bostan, Atila and {\c{S}}eng{\"u}l, G{\"o}khan and Karakaya, Murat},
  year={2014},
}

@mastersthesis{karadaug2009secure,
  title={Secure communication channel mechanisms for isolated networks},
  author={Karada{\u{g}}, G{\"o}kdeniz},
  year={2009},
  school={Middle East Technical University}
}

@inproceedings{oh2015development,
  title={Development of Transmission and Receiving Agent of One-way Data Transfer System for Control Network Security},
  author={Oh, Young-Chul and Han, Mi-Ran and Shin, Yongtae and Kim, Jong-Bae},
  booktitle={INTERNATIONAL CONFERENCE ON FUTURE INFORMATION \& COMMUNICATION ENGINEERING},
  volume={7},
  number={1},
  pages={75--78},
  year={2015}
}

@inproceedings{paulus2006lock,
  title={Lock-Keeper: A new implementation of physical separation technology},
  author={Paulus, Sachar and Pohlmann, Norbert and Reimer, Helmut and Cheng, Feng and Meinel, Christoph},
  booktitle={ISSE 2006—Securing Electronic Busines Processes: Highlights of the Information Security Solutions Europe 2006 Conference},
  pages={275--286},
  year={2006},
  organization={Springer}
}
